@article{Durban2001,
  title={Weather modelling using a multivariate latent Gaussian model},
  author={Durb{\'a}n, Mar{\'\i}a and Glasbey, CA},
  journal={Agricultural and Forest Meteorology},
  volume={109},
  number={3},
  pages={187--201},
  year={2001},
  publisher={Elsevier}
}


@article{Tibshirani2005,
  title={Sparsity and smoothness via the fused lasso},
  author={Tibshirani, Robert and Saunders, Michael and Rosset, Saharon and Zhu, Ji and Knight, Keith},
  journal={Journal of the Royal Statistical Society: Series B (Statistical Methodology)},
  volume={67},
  number={1},
  pages={91--108},
  year={2005},
  publisher={Wiley Online Library}
}

@article{Tibshirani1996,
  title={Regression shrinkage and selection via the lasso},
  author={Tibshirani, Robert},
  journal={Journal of the Royal Statistical Society. Series B (Methodological)},
  pages={267--288},
  year={1996},
  publisher={JSTOR}
}

@incollection{SpluTimeSeries2006,
year={2006},
isbn={978-0-387-27965-7},
booktitle={Modeling Financial Time Series with S-PLUSÂ®},
doi={10.1007/978-0-387-32348-0_11},
title={Vector Autoregressive Models for Multivariate Time Series},
url={http://dx.doi.org/10.1007/978-0-387-32348-0_11},
publisher={Springer New York},
pages={385-429},
language={English}
}

@book{Shuttleworth2012,
  title={Terrestrial Hydrometeorology},
  author={Shuttleworth, W.J.},
  isbn={9780470659380},
  lccn={2011041765},
  url={http://books.google.com/books?id=WkmlCs1LA7cC},
  year={2012},
  publisher={Wiley}
}

@article{Harris2001,
  title={Multiscale statistical properties of a high-resolution precipitation forecast},
  author={Harris, Daniel and Foufoula-Georgiou, Efi and Droegemeier, Kelvin K and Levit, Jason J},
  journal={Journal of Hydrometeorology},
  volume={2},
  number={4},
  pages={406--418},
  year={2001}
}

@article{Hong2008,
  title={Rainfall forecasting by technological machine learning models},
  author={Hong, Wei-Chiang},
  journal={Applied Mathematics and Computation},
  volume={200},
  number={1},
  pages={41--57},
  year={2008},
  publisher={Elsevier}
}

@article{Paras2012,
	title={A Simple Weather Forecasting Model Using Mathematical Regression},
	author={Paras and Mathur, Sanjay},
	journal={Indian Research Journal of Extension Education},
	volume={1},
	number={1},
	pages={161-168},
	year={2012},
}

@article{Ferraro1995,
  title={The development of SSM/I rain-rate retrieval algorithms using ground-based radar measurements},
  author={Ferraro, Ralph R and Marks, Gerard F},
  journal={Journal of Atmospheric and Oceanic Technology},
  volume={12},
  number={4},
  pages={755--770},
  year={1995}
}

@article{Yang2007,
  title={A data mining approach for heavy rainfall forecasting based on satellite image sequence analysis},
  author={Yang, Yubin and Lin, Hui and Guo, Zhongyang and Jiang, Jixi},
  journal={Computers \& geosciences},
  volume={33},
  number={1},
  pages={20--30},
  year={2007},
  publisher={Elsevier}
}

@ONLINE{LDAS,
author = {National Aeronautics and Space Administration},
title = {Land Data Assimilation Systems},
url = {http://ldas.gsfc.nasa.gov/index.php}
}

